@book{Goodfellow-et-al-2016,
    title={Deep Learning},
    author={Ian Goodfellow and Yoshua Bengio and Aaron Courville},
    publisher={MIT Press},
    note={\url{http://www.deeplearningbook.org}},
    year={2016}
}

@book{haykin2009neural,
  title={Neural Networks and Learning Machines},
  author={Haykin, S.S.},
  isbn={9780131293762},
  series={Pearson International Edition},
  url={https://books.google.it/books?id=KCwWOAAACAAJ},
  year={2009},
  publisher={Pearson}
}

@book{mitchell1997machine,
  title={Machine Learning},
  author={Mitchell, T.M.},
  isbn={9780071154673},
  lccn={97007692},
  series={McGraw-Hill International Editions},
  url={https://books.google.it/books?id=EoYBngEACAAJ},
  year={1997},
  publisher={McGraw-Hill}
}

@inproceedings{Sutskever:2013:IIM:3042817.3043064,
 author={Sutskever, Ilya and Martens, James and Dahl, George and Hinton, Geoffrey},
 title={On the Importance of Initialization and Momentum in Deep Learning},
 booktitle={Proceedings of the 30th International Conference on International Conference on Machine Learning - Volume 28},
 series={ICML'13},
 year={2013},
 location={Atlanta, GA, USA},
 pages={III-1139--III-1147},
 url={http://dl.acm.org/citation.cfm?id=3042817.3043064},
 acmid={3043064},
 publisher={JMLR.org},
}

@inproceedings{Glorot10understandingthe,
    author = {Xavier Glorot and Yoshua Bengio},
    title = {Understanding the difficulty of training deep feedforward neural networks},
    booktitle = {In Proceedings of the International Conference on Artificial Intelligence and Statistics (AISTATS’10). Society for Artificial Intelligence and Statistics},
    year = {2010}
}

@incollection{Bottou:1999:OLS:304710.304720,
 author = {Bottou, L{\'e}on},
 chapter = {On-line Learning and Stochastic Approximations},
 title = {On-line Learning in Neural Networks},
 editor = {Saad, David},
 year = {1998},
 isbn = {0-521-65263-4},
 pages = {9--42},
 numpages = {34},
 url = {http://dl.acm.org/citation.cfm?id=304710.304720},
 acmid = {304720},
 publisher = {Cambridge University Press},
 address = {New York, NY, USA}
} 

@incollection{book:92812,
   title =     {Convex optimization},
   author =    {Stephen Boyd, Lieven Vandenberghe},
   editor = {},
   isbn =      {9780521833783,0521833787},
   year =      {2004},
   numpages = {},
   url = {},
   doi  = {10.1007/978-3-642-35289-8},
   chapter = {Chapter 5},
   acmid = {},
   publisher = {},
   address = {}

}

@incollection{book:92811,
   title =     {Convex optimization},
   author =    {Stephen Boyd, Lieven Vandenberghe},
   isbn =      {9780521833783,0521833787},
   year =      {2004},
   editor = {},
   numpages = {},
   doi  = {10.1007/978-3-642-35289-8},
   chapter = {Chapter 3},
   pages  = {59--60},
   url = {},
   acmid = {},
   publisher = {},
   address = {}
}

@incollection{Montavon-2012,
doi = {10.1007/978-3-642-35289-8_25},
title = {[Lecture Notes in Computer Science] Neural Networks: Tricks of the Trade Volume 7700 || Stochastic Gradient Descent Tricks},
editor = {},
numpages = {},
author  = {Montavon, Grégoire; Orr, Geneviève B.; Müller, Klaus-Robert},
isbn  = {978-3-642-35288-1,978-3-642-35289-8},
year  = {2012},
volume  = {10.1007/978-3-642-35289-8},
chapter = {Chapter 25},
pages  = {421--436},
url = {},
acmid = {},
publisher = {},
address = {}
}

@article{LIVIERIS2013491,
title="A new conjugate gradient algorithm for training neural networks based on a modified secant equation",
journal="Applied Mathematics and Computation",
volume="221",
pages="491 - 502",
year="2013",
issn="0096-3003",
doi="https://doi.org/10.1016/j.amc.2013.06.101",
url="http://www.sciencedirect.com/science/article/pii/S0096300313007558",
author="Ioannis E. Livieris and Panagiotis Pintelas",
keywords="Artificial neural networks, Descent conjugate gradient algorithm, Modified secant equation, Global convergence"
}

@article{10028086174,
author="RUMERLHAR, D. E.",
title="Learning representation by back-propagating errors",
journal="Nature",
ISSN="",
publisher="",
year="1986",
month="",
volume="323",
number="",
pages="533-536",
URL="https://ci.nii.ac.jp/naid/10028086174/en/",
DOI="",
}

@article{Marti-1993,
doi = {10.1016/s0893-6080(05)80056-5},
title = {A scaled conjugate gradient algorithm for fast supervised learning},
author  = {Martin Fodslette Møller},
publisher = {Elsevier Science},
journal = {Neural Networks},
issnp = {0893-6080},
year  = {1993},
volume  = {6},
issue = {4},
page  = {525--533},
url =       {http://gen.lib.rus.ec/scimag/index.php?s=10.1016/s0893-6080(05)80056-5},
}

@article{10029946121,
author="NESTEROV, Y. E.",
title="A method for solving the convex programming problem with convergence rate O(1/k^2)",
journal="Dokl. Akad. Nauk SSSR",
ISSN="",
publisher="",
year="1983",
month="",
volume="269",
number="",
pages="543-547",
URL="https://ci.nii.ac.jp/naid/10029946121/en/",
DOI="",
}

@article{Gilbert-1992,
doi = {10.1137/0802003},
title = {Global Convergence Properties of Conjugate Gradient Methods for Optimization},
author  = {Gilbert, Jean Charles; Nocedal, Jorge},
publisher = {Society for Industrial and Applied Mathematics},
journal = {SIAM Journal on Optimization},
issnp = {1052-6234},
issne = {1095-7189},
year  = {1992},
month = {02},
volume  = {2},
issue = {1},
page  = {21--42},
}

@article{Zengxi-2006,
doi = {10.1016/j.amc.2005.08.027},
title = {New quasi-Newton methods for unconstrained optimization problems},
author  = {Zengxin Wei; Guoyin Li; Liqun Qi},
publisher = {Elsevier Science},
journal = {Applied Mathematics and Computation},
issnp = {0096-3003},
year  = {2006},
volume  = {175},
issue = {2},
page  = {1156--1188},
}

@misc{Dua:2019 ,
author = "Dua, Dheeru and Graff, Casey",
year = "2017",
title = "{UCI} Machine Learning Repository",
url = "http://archive.ics.uci.edu/ml",
institution = "University of California, Irvine, School of Information and Computer Sciences" }
